@article{Keshav,
    author = {Keshav, S.},
    title = {How to Read a Paper},
    journal = {SIGCOMM Comput. Commun. Rev.},
    issue_date = {July 2007},
    volume = {37},
    number = {3},
    month = jul,
    year = {2007},
    issn = {0146-4833},
    pages = {83--84},
    numpages = {2},
    url = {http://doi.acm.org/10.1145/1273445.1273458},
    doi = {10.1145/1273445.1273458},
    acmid = {1273458},
    publisher = {ACM},
    address = {New York, NY, USA},
    keywords = {hints, paper, reading},
} 

@article{StarWars,
	author = {{George Lucas}},
	title = {Star Wars: A {N}ew {H}ope},
	issue_date = {May 25, 1977},
	month = may,
	year = {1997},
}

@article{PreviousProjects,
	author = {{Edinburgh Napier University}},	
	title = {Previous Computer Graphics Projects},
	note = {\url{http://games.soc.napier.ac.uk/graphics.html}},
	
}

@article{Workbook,
	author = {{Dr K. Chalmers, S. Serrels}},	
	title = {SET08116 Computer Graphics Workbook},
	note = {Edinburgh Napier University},	
}